@article{schiermeier2010real,
  title={The real holes in climate science},
  author={Schiermeier, Quirin},
  journal={Nature},
  volume={463},
  number={7279},
  pages={284--287},
  year={2010},
  publisher={Nature Publishing Group}
}
